<record><leader>00000cas a22000007a 4500</leader><controlfield tag="001">31961787</controlfield><controlfield tag="008">950209d18731874gauwr ne      0    0eng d</controlfield><datafield ind1=" " ind2=" " tag="010"><subfield code="a">sn 95068737 </subfield></datafield><datafield ind1=" " ind2=" " tag="040"><subfield code="a">MGN</subfield><subfield code="b">eng</subfield><subfield code="c">MGN</subfield><subfield code="d">OCLCQ</subfield></datafield><datafield ind1=" " ind2=" " tag="042"><subfield code="a">msc</subfield></datafield><datafield ind1="0" ind2="4" tag="245"><subfield code="a">The weekly advertiser and Republican.</subfield></datafield><datafield ind1=" " ind2=" " tag="260"><subfield code="a">Savannah, Ga. :</subfield><subfield code="b">Beard &amp; Kimball</subfield></datafield><datafield ind1=" " ind2=" " tag="300"><subfield code="a">v.</subfield></datafield><datafield ind1=" " ind2=" " tag="310"><subfield code="a">Weekly</subfield></datafield><datafield ind1="1" ind2=" " tag="362"><subfield code="a">Began in June 1873.</subfield></datafield><datafield ind1="0" ind2=" " tag="362"><subfield code="a">-v. 2, no. 42 (Aug. 8, 1874).</subfield></datafield><datafield ind1=" " ind2=" " tag="580"><subfield code="a">Daily ed.: Advertiser-republican.</subfield></datafield><datafield ind1=" " ind2=" " tag="588"><subfield code="a">Description based on: Vol. 1, no. 35 (June 14, 1873).</subfield></datafield><datafield ind1=" " ind2=" " tag="752"><subfield code="a">United States</subfield><subfield code="b">Georgia</subfield><subfield code="c">Chatham</subfield><subfield code="d">Savannah.</subfield></datafield><datafield ind1="1" ind2=" " tag="775"><subfield code="t">Advertiser-republican</subfield><subfield code="w">(DLC)sn 82014204</subfield></datafield><datafield ind1="0" ind2="4" tag="780"><subfield code="t">Savannah weekly advertiser (Savannah, Ga. : 1872)</subfield><subfield code="w">(DLC)sn 85034256</subfield></datafield><datafield ind1="0" ind2="4" tag="780"><subfield code="t">Savannah weekly republican</subfield><subfield code="w">(DLC)sn 85038498</subfield></datafield><datafield ind1="0" ind2="0" tag="785"><subfield code="t">Savannah weekly advertiser (Savannah, Ga. : 1874)</subfield><subfield code="w">(DLC)sn 95068738</subfield></datafield></record>